@article{1,
	author = {Edmond, Gary and Biber, Katherine and Kemp, Richard and Porter, Glenn},
	title = {Law's Looking Glass: Expert Identification Evidence Derived from Photographic and Video Images},
	year = {2009},
	journal = {Current Issues in Criminal Justice},
	pages = {337-377},
	volume = {20}
}

@conference{2,
	author = {Spaun, Nicole},
	title = {Facial Comparisons by Subject Matter Experts: Their Role in Biometrics and Their Training},
	year = {2009},
	booktitle={International Conference on Biometrics},
	pages = {161-168}
}

@online{3,
	title={Facial Comparison Overview and Methodology Guidelines V2.0},
	author={FISWG},
	year={2022},
	url={https://fiswg.org/fiswg_facial_comparison_overview_and_methodology_guidelines_V2.0_2022.11.04.pdf},
	note = {Accedido el 7 de Febrero de 2024}
}

@online{8,
	title={Comprensión de los parámetros de la cámara},
	author = {Andrea Valsecchi},
	url={https://skeleton-id.com/investigaciones/comprension-de-los-parametros-de-la-camara},
	year={2019},
	note = {Accedido el 17 de Febrero de 2024}
}

@conference{12,
	author = {Peng, Bo and Wang, Wei and Dong, Jing and Tan, Tieniu},
	year = {2017},
	pages = {1813-1821},
	title = {Position Determines Perspective: Investigating Perspective Distortion for Image Forensics of Faces},
	booktitle={IEEE Conference on Computer Vision and Pattern Recognition Workshops}
}

@article{14,
	title = {FacialSCDnet: A deep learning approach for the estimation of subject-to-camera distance in facial photographs},
	journal = {Expert Systems with Applications},
	volume = {210},
	pages = {118457},
	year = {2022},
	author = {Enrique Bermejo and Enrique Fernandez-Blanco and Andrea Valsecchi and Pablo Mesejo and Oscar Ibáñez and Kazuhiko Imaizumi}
}

@conference{28,
	author = {Flores, Arturo and Christiansen, Eric and Kriegman, David and Belongie, Serge},
	year = {2013},
	pages = {513-522},
	title = {Camera Distance from Face Images},
	booktitle = {Advances in Visual Computing},
	volume = {8034}
}

@conference{30,
	author={Burgos-Artizzu, Xavier P. and Ronchi, Matteo Ruggero and Perona, Pietro},
	title={Distance Estimation of an Unknown Person from a Portrait},
	booktitle={European Conference on Computer Vision},
	year={2014},
	pages={313-327},
	volume={8689}
}

@article{16,
	title={DisCO: Portrait Distortion Correction with Perspective-Aware 3D GANs},
	author={Wang, Zhixiang and Liu, Yu-Lun and Huang, Jia-Bin and Satoh, Shin'ichi and Ma, Sizhuo and Krishnan, Guru and Wang, Jian},
	pages={},
	year={2023}
}

@book{22,
	title = {Learning from Data: A Short Course},
	publisher = {AMLBook},
	author = {Yaser S. Abu-Mostafa and Magdon-Ismail, M. and Lin, H.T.},
	year = {2012}
}

@book{23,
	title = {Artificial Intelligence: A Modern Approach 4ºedition},
	publisher = {Pearson},
	author = {Stuart Russell and Peter Norvig},
	year = {2021}
}

@article{20,
	author = {Stephan, Carl N.},
	title = {Estimating the Skull-to-Camera Distance from Facial Photographs for Craniofacial Superimposition},
	journal = {Journal of Forensic Sciences},
	volume = {62},
	pages = {850-860},
	year = {2017}
}

@book{24,
	title = {Principles of artificial neural networks 3rd edition},
	publisher = {World Scientific},
	year = {2007},
	author = {Daniel Graupe}
}

@book{25,
	title = {Neural Networks and Learning Machines 3rd edition},
	year = {2009},
	publisher = {Pearson},
	author = {Simon Haykin}
}

@book{26,
	title = {Deep learning},
	publisher = {MIT Press},
	year = {2019},
	author = {John D. Kelleher}
}

@book{27,
	author = {Bishop, C.M.},
	publisher = {Oxford University Press},
	title = {Neural networks for pattern recognition},
	year = {1995}
}

@article{29,
	author = {Lepetit, Vincent and Moreno-Noguer, Francesc and Fua, Pascal},
	year = {2009},
	title = {EPnP: An accurate O(n) solution to the PnP problem},
	volume = {81},
	pages = {},
	journal = {International Journal of Computer Vision}
}

@conference{32,
	author={Shoani, Mohamed Tahir Ahmed and Amin, Shamsudin H. M. and Sanhoury, Ibrahim M. H.},
	booktitle={Asian Control Conference}, 
	title={Determining subject distance based on face size}, 
	year={2015},
	pages={1-6}
}

@conference{33,
	author={Rahman, Khandaker Abir and Hossain, Md. Shafaeat and Bhuiyan, Md. Al-Amin and Zhang, Tao and Hasanuzzaman, Md. and Ueno, H.},
	booktitle={International Conference on Multimedia and Ubiquitous Engineering}, 
	title={Person to Camera Distance Measurement Based on Eye-Distance}, 
	year={2009},
	pages={137-141}
}

@conference{34,
	author={Kumar, M.S. Shashi and Vimala, K.S. and Avinash, N.},
	booktitle={IEEE International Conference on Image Processing}, 
	title={Face distance estimation from a monocular camera}, 
	year={2013},
	pages={3532-3536}
}

@article{35,
	author = {LeCun, Y. and Boser, B. and Denker, J. S. and Henderson, D. and Howard, R. E. and Hubbard, W. and Jackel, L. D.},
	journal = {Neural Computation},
	pages = {541-551},
	title = {Backpropagation Applied to Handwritten Zip Code Recognition},
	volume = {1},
	year = {1989}
}

@article{36,
	author={Lecun, Y. and Bottou, L. and Bengio, Y. and Haffner, P.},
	journal={Proceedings of the IEEE}, 
	title={Gradient-based learning applied to document recognition}, 
	year={1998},
	volume={86},
	pages={2278-2324}
}

@article{37,
	title = {A review of Convolutional-Neural-Network-based action recognition},
	journal = {Pattern Recognition Letters},
	volume = {118},
	pages = {14-22},
	year = {2019},
	author = {Guangle Yao and Tao Lei and Jiandan Zhong}
}

@book{38,
	title={Software Engineering: A Practitioner's Approach},
	author={Pressman, R.S.},
	publisher = {McGraw-Hill},
	year={2005}
}

@article{39,
	author = {Dhillon, Anamika and Verma, Gyanendra},
	year = {2019},
	pages = {85-112},
	title = {Convolutional neural network: a review of models, methodologies and applications to object detection},
	volume = {9},
	journal = {Progress in Artificial Intelligence}
}

@article{40,
	title={Convolutional neural networks: an overview and application in radiology},
	author={Rikiya Yamashita and Mizuho Nishio and Richard K. G. Do and Kaori Togashi},
	journal={Insights into Imaging},
	year={2018},
	volume={9},
	pages={611-629}
}

@online{41,
	title={What is Convolutional Neural Network — CNN (Deep Learning)},
	author={Nafiz Shahriar},
	year={2023},
	url={https://nafizshahriar.medium.com/what-is-convolutional-neural-network-cnn-deep-learning-b3921bdd82d5},
	note = {Accedido el 12 de Marzo de 2024}
}

@article{42,
	author = {Ahamed, Pratik and Kundu, Soumyadeep and Khan, Tauseef and Bhateja, Vikrant and Sarkar, Ram and Mollah, Ayatullah},
	year = {2020},
	pages = {},
	title = {Handwritten Arabic numerals recognition using convolutional neural network},
	volume = {11},
	journal = {Journal of Ambient Intelligence and Humanized Computing}
}

@article{43,
	author = {Noyes, Eilidh and Jenkins, Rob},
	year = {2017},
	pages = {97-104},
	title = {Camera-to-subject distance affects face configuration and perceived identity},
	volume = {165},
	journal = {Cognition}
}

@online{44,
	title={What Is Focal Length in Photography? A Beginner’s Guide},
	author={Elizabeth Gray},
	year={2023},
	url={https://photographylife.com/what-is-focal-length-in-photography},
	note = {Accedido el 17 de Marzo de 2024}
}


@online{46,
	title={Sensores y factor de recorte: en palabras fáciles},
	author={Nicholas Tinelli},
	year={2020},
	url={https://nicholastinelli.com/es/sensores-y-factor-de-recorte-en-palabras-faciles/},
	note = {Accedido el 17 de Marzo de 2024}
}

@online{48,
	title={Factor de recorte de un sensor},
	author={Blas},
	year={2018},
	url={https://blasfotografia.com/factor-de-recorte-de-un-sensor/},
	note = {Accedido el 18 de Marzo de 2024}
}

@article{49,
	author = {Hosna, Asmaul and Merry, Ethel and Gyalmo, Jigmey and Alom, Zulfikar and Aung, Zeyar and Azim, Mohammad},
	year = {2022},
	pages = {},
	title = {Transfer learning: a friendly introduction},
	volume = {9},
	journal = {Journal of Big Data}
}

@article{50,
	author = {Huh, Minyoung and Agrawal, Pulkit and Efros, Alexei},
	year = {2016},
	pages = {},
	title = {What makes ImageNet good for transfer learning?},
	journal = {}
}

@online{51,
	title={Distorsión de lente vs Distorsión de la perspectiva},
	author={Alfonso Domínguez},
	year={2011},
	url={https://www.xatakafoto.com/guias/distorsion-de-lente-vs-distorsion-de-la-perspectiva},
	note = {Accedido el 23 de Marzo de 2024}
}

@online{52,
	title={Does Focal Length Distort Subjects?},
	author={Nasim Mansurov},
	year={2020},
	url={https://photographylife.com/does-focal-length-distort-subjects},
	note = {Accedido el 23 de Marzo de 2024}
}

@article{53,
	author = {Burgos-Artizzu, Xavier and Perona, Pietro and Dollar, Piotr},
	year = {2013},
	pages = {1513-1520},
	title = {Robust Face Landmark Estimation under Occlusion},
	journal = {IEEE International Conference on Computer Vision}
}

 @misc{54, 
 	title={Caltech Multi-Distance Portraits}, 
	publisher={CaltechDATA},
	author={Burgos-Artizzu, Xavier and Ronchi, Matteo Ruggero and Perona, Pietro},
	year={2022}
}

@article{55,
	title = {Perspective distortion in craniofacial superimposition: Logarithmic decay curves mapped mathematically and by practical experiment},
	journal = {Forensic Science International},
	volume = {257},
	pages = {520.e1-520.e8},
	year = {2015},
	author = {Carl N. Stephan}
}

@article{56,
	author = {Zhu, Xiangxin and Ramanan, Deva},
	year = {2012},
	pages = {2879-2886},
	title = {Face Detection, Pose Estimation, and Landmark Localization in the Wild},
	journal = {IEEE Computer Society Conference on Computer Vision and Pattern Recognition}
}

@article{57,
	author = {Tremblay, Jonathan and Prakash, Aayush and Acuna, David and Brophy, Mark and Jampani, Varun and Anil, Cem and To, Thang and Cameracci, Eric and Boochoon, Shaad and Birchfield, Stan},
	title = {Training deep networks with synthetic data: Bridging the reality gap by domain randomization},
	year = {2018},
	journal = {IEEE Computer Society Conference on Computer Vision and Pattern Recognition Workshops},
	pages = {1082-1090}
}

@article{58,
	author = {Gupta, Ankush and Vedaldi, Andrea and Zisserman, Andrew},
	title = {Synthetic Data for Text Localisation in Natural Images},
	year = {2016},
	journal = {Proceedings of the IEEE Computer Society Conference on Computer Vision and Pattern Recognition},
	pages = {2315-2324}
}

@article{59,
	author = {Wang, Qi and Gao, Junyu and Lin, Wei and Yuan, Yuan},
	title = {Learning from synthetic data for crowd counting in the wild},
	year = {2019},
	journal = {Proceedings of the IEEE Computer Society Conference on Computer Vision and Pattern Recognition},
	pages = {8190-8199}
}

@article{60,
	author= {Dai, Hang and Pears, Nick and Smith, William and Duncan, Christian},
	title={Statistical Modeling of Craniofacial Shape and Texture},
	journal={International Journal of Computer Vision},
	year={2019},
	volume = {128},
	number={2},
	pages={547-571}
}

@conference{61,
	title={H3D-Net: Few-Shot High-Fidelity 3D Head Reconstruction},
	author={Ramon, Eduard and Triginer, Gil and Escur, Janna and Pumarola, Albert and Garcia, Jaime and Giro-i-Nieto, Xavier and Moreno-Noguer, Francesc},
	booktitle={Proceedings of the IEEE/CVF International Conference on Computer Vision},
	pages={5620-5629},
	year={2021}
}

@conference{62,
	title={HuMMan: Multi-modal 4d human dataset for versatile sensing and modeling},
	author={Cai, Zhongang and Ren, Daxuan and Zeng, Ailing and Lin, Zhengyu and Yu, Tao and Wang, Wenjia and Fan, Xiangyu and Gao, Yang and Yu, Yifan and Pan, Liang and Hong, Fangzhou and Zhang, Mingyuan and Loy, Chen Change and Yang, Lei and Liu, Ziwei},
	booktitle={European Conference on Computer Vision},
	pages={557-577},
	year={2022}
}

@conference{63,
	title = {Video Based Reconstruction of 3D People Models},
	author = {Alldieck, Thiemo and Magnor, Marcus and Xu, Weipeng and Theobalt, Christian and Pons-Moll, Gerard},
	booktitle = {IEEE/CVF Conference on Computer Vision and Pattern Recognition},
	pages = {8387-8397},
	year = {2018}
}

@conference{64,
	title={FaceVerse: a Fine-grained and Detail-controllable 3D Face Morphable Model from a Hybrid Dataset},
	author={Wang, Lizhen and Chen, Zhiyua and Yu, Tao and Ma, Chenguang and Li, Liang and Liu, Yebin},
	booktitle={IEEE Conference on Computer Vision and Pattern Recognition},
	year={2022}
}

@conference{65,
	author = {Simonyan, Karen and Zisserman, Andrew},
	title = {Very deep convolutional networks for large-scale image recognition},
	year = {2015},
	journal = {International Conference on Learning Representations}
}

@article{66,
	author = {Nash, Will and Drummond, Tom and Birbilis, Nick},
	year = {2018},
	pages = {},
	title = {A review of deep learning in the study of materials degradation},
	volume = {2},
	journal = {npj Materials Degradation}
}

@book{67,
	title={Óptica y Fotografía: Libros 1 y 2},
	author={Igual, J.},
	year={2017},
	publisher={Independently Published}
}

@book{68,
	title={Fotografía básica, Guía para fotógrafos},
	author={Langford, Michael John and Rosés, Francesc},
	year={2007},
	publisher={Omega}
}

@book{69,
	title={Fundamentos de la fotografía},
	author={Ang, T. and Burgeon, V. and Martínez, F.R. and Casera, M.M.},
	year={2017},
	publisher={Blume}
}

@article{70,
	author = {Healy, Sean and Stephan, Carl},
	year = {2023},
	pages = {},
	title = {Focus distance estimation from photographed faces: a test of PerspectiveX using 1709 frontal and profile photographs from DSLR and smartphone cameras},
	volume = {137},
	journal = {International Journal of Legal Medicine}
}

@article{71,
  	title={Tree-structured Parzen estimator: Understanding its algorithm components and their roles for better empirical performance},
  	author={Shuhei Watanabe},
  	journal={ArXiv},
  	year={2023},
  	volume={},
  	pages={}
}

@article{72,
  	title={Deep Residual Learning for Image Recognition},
  	author={Kaiming He and X. Zhang and Shaoqing Ren and Jian Sun},
  	journal={2016 IEEE Conference on Computer Vision and Pattern Recognition},
  	year={2015},
  	pages={770-778}
}

@article{73,
  	title={Illumination-robust face recognition based on deep convolutional neural networks architectures},
  	author={Ridha Ilyas Bendjillali and Mohammed Beladgham and Khaled Merit and Abdelmalik Taleb-Ahmed},
  	journal={Indonesian Journal of Electrical Engineering and Computer Science},
  	year={2020},
  	pages={1015-1027},
	volume={18}
}